@misc{wiki,
	title = {Théorie du chaos},
	url = {http://fr.wikipedia.org/wiki/Th%C3%A9orie_du_chaos},
	author = {Wikipédia},
	urldate = {2014-11-11},
}

@misc{projet1,
	title = {Projet 1},
	url = {http://www.ulb.ac.be/polytech/smana/2014-2015/Projet1/Projet1_2014_2015.htm},
	author = {ULB, {Faculté des Sciences Appliquées}},
	urldate = {2014-10-26},
}
@misc{poincare,
	title = {Théorie du Chaos},
	url = {http://eurinsa.insa-lyon.fr/LesCours/physique/AppPhysique/approphys/1historique/Poincare/pages/theorie_du_chaos.html},
	author = {Thibaudeau, Mlle and Vallier, Mr and Chervet, Mr},
	urldate = {2014-11-05},
	date = {2007}
}

@misc{poincarebis,
	title = {Étude détaillée du pendule chaotique : Section de Poincaré},
	url = {http://physique.unice.fr/sem6/2011-2012/PagesWeb/PT/Pendule/more3.html},
	author = {Coppo, I. and Rougier, V. },
	date = {2012},
	urldate = {2014-11-05}
}